2022-Dec-22 21:56:25.888294,INQUIRY0,91282CFX4,DONE,,BUY,100,1000000
2022-Dec-22 21:56:25.888521,INQUIRY1,91282CFX4,DONE,,SELL,100,2000000
2022-Dec-22 21:56:25.888623,INQUIRY2,91282CFX4,DONE,,BUY,100,3000000
2022-Dec-22 21:56:25.888728,INQUIRY3,91282CFX4,DONE,,SELL,100,4000000
2022-Dec-22 21:56:25.888826,INQUIRY4,91282CFX4,DONE,,BUY,100,5000000
2022-Dec-22 21:56:25.888923,INQUIRY5,91282CFX4,DONE,,SELL,100,4000000
2022-Dec-22 21:56:25.889019,INQUIRY6,91282CFX4,DONE,,BUY,100,3000000
2022-Dec-22 21:56:25.889115,INQUIRY7,91282CFX4,DONE,,SELL,100,2000000
2022-Dec-22 21:56:25.889212,INQUIRY8,91282CFX4,DONE,,BUY,100,1000000
2022-Dec-22 21:56:25.889309,INQUIRY9,91282CFX4,DONE,,SELL,100,2000000
2022-Dec-22 21:56:25.889405,INQUIRY10,91282CFW6,DONE,,BUY,100,3000000
2022-Dec-22 21:56:25.889506,INQUIRY11,91282CFW6,DONE,,SELL,100,4000000
2022-Dec-22 21:56:25.889604,INQUIRY12,91282CFW6,DONE,,BUY,100,5000000
2022-Dec-22 21:56:25.889701,INQUIRY13,91282CFW6,DONE,,SELL,100,4000000
2022-Dec-22 21:56:25.889797,INQUIRY14,91282CFW6,DONE,,BUY,100,3000000
2022-Dec-22 21:56:25.889893,INQUIRY15,91282CFW6,DONE,,SELL,100,2000000
2022-Dec-22 21:56:25.889990,INQUIRY16,91282CFW6,DONE,,BUY,100,1000000
2022-Dec-22 21:56:25.890086,INQUIRY17,91282CFW6,DONE,,SELL,100,2000000
2022-Dec-22 21:56:25.890182,INQUIRY18,91282CFW6,DONE,,BUY,100,3000000
2022-Dec-22 21:56:25.890283,INQUIRY19,91282CFW6,DONE,,SELL,100,4000000
2022-Dec-22 21:56:25.890384,INQUIRY20,91282CFZ9,DONE,,BUY,100,5000000
2022-Dec-22 21:56:25.890481,INQUIRY21,91282CFZ9,DONE,,SELL,100,4000000
2022-Dec-22 21:56:25.890576,INQUIRY22,91282CFZ9,DONE,,BUY,100,3000000
2022-Dec-22 21:56:25.890673,INQUIRY23,91282CFZ9,DONE,,SELL,100,2000000
2022-Dec-22 21:56:25.890769,INQUIRY24,91282CFZ9,DONE,,BUY,100,1000000
2022-Dec-22 21:56:25.890865,INQUIRY25,91282CFZ9,DONE,,SELL,100,2000000
2022-Dec-22 21:56:25.890962,INQUIRY26,91282CFZ9,DONE,,BUY,100,3000000
2022-Dec-22 21:56:25.891064,INQUIRY27,91282CFZ9,DONE,,SELL,100,4000000
2022-Dec-22 21:56:25.891220,INQUIRY28,91282CFZ9,DONE,,BUY,100,5000000
2022-Dec-22 21:56:25.891525,INQUIRY29,91282CFZ9,DONE,,SELL,100,4000000
2022-Dec-22 21:56:25.891682,INQUIRY30,91282CFY2,DONE,,BUY,100,3000000
2022-Dec-22 21:56:25.891785,INQUIRY31,91282CFY2,DONE,,SELL,100,2000000
2022-Dec-22 21:56:25.891886,INQUIRY32,91282CFY2,DONE,,BUY,100,1000000
2022-Dec-22 21:56:25.891985,INQUIRY33,91282CFY2,DONE,,SELL,100,2000000
2022-Dec-22 21:56:25.892083,INQUIRY34,91282CFY2,DONE,,BUY,100,3000000
2022-Dec-22 21:56:25.892182,INQUIRY35,91282CFY2,DONE,,SELL,100,4000000
2022-Dec-22 21:56:25.892288,INQUIRY36,91282CFY2,DONE,,BUY,100,5000000
2022-Dec-22 21:56:25.892386,INQUIRY37,91282CFY2,DONE,,SELL,100,4000000
2022-Dec-22 21:56:25.892484,INQUIRY38,91282CFY2,DONE,,BUY,100,3000000
2022-Dec-22 21:56:25.892582,INQUIRY39,91282CFY2,DONE,,SELL,100,2000000
2022-Dec-22 21:56:25.892680,INQUIRY40,91282CFV8,DONE,,BUY,100,1000000
2022-Dec-22 21:56:25.892782,INQUIRY41,91282CFV8,DONE,,SELL,100,2000000
2022-Dec-22 21:56:25.892879,INQUIRY42,91282CFV8,DONE,,BUY,100,3000000
2022-Dec-22 21:56:25.892980,INQUIRY43,91282CFV8,DONE,,SELL,100,4000000
2022-Dec-22 21:56:25.893083,INQUIRY44,91282CFV8,DONE,,BUY,100,5000000
2022-Dec-22 21:56:25.893181,INQUIRY45,91282CFV8,DONE,,SELL,100,4000000
2022-Dec-22 21:56:25.893278,INQUIRY46,91282CFV8,DONE,,BUY,100,3000000
2022-Dec-22 21:56:25.893380,INQUIRY47,91282CFV8,DONE,,SELL,100,2000000
2022-Dec-22 21:56:25.893478,INQUIRY48,91282CFV8,DONE,,BUY,100,1000000
2022-Dec-22 21:56:25.893675,INQUIRY49,91282CFV8,DONE,,SELL,100,2000000
2022-Dec-22 21:56:25.893871,INQUIRY50,912810TM0,DONE,,BUY,100,3000000
2022-Dec-22 21:56:25.893975,INQUIRY51,912810TM0,DONE,,SELL,100,4000000
2022-Dec-22 21:56:25.894077,INQUIRY52,912810TM0,DONE,,BUY,100,5000000
2022-Dec-22 21:56:25.894176,INQUIRY53,912810TM0,DONE,,SELL,100,4000000
2022-Dec-22 21:56:25.894274,INQUIRY54,912810TM0,DONE,,BUY,100,3000000
2022-Dec-22 21:56:25.894376,INQUIRY55,912810TM0,DONE,,SELL,100,2000000
2022-Dec-22 21:56:25.894477,INQUIRY56,912810TM0,DONE,,BUY,100,1000000
2022-Dec-22 21:56:25.894575,INQUIRY57,912810TM0,DONE,,SELL,100,2000000
2022-Dec-22 21:56:25.894674,INQUIRY58,912810TM0,DONE,,BUY,100,3000000
2022-Dec-22 21:56:25.894826,INQUIRY59,912810TM0,DONE,,SELL,100,4000000
2022-Dec-22 21:56:25.894925,INQUIRY60,912810TL2,DONE,,BUY,100,5000000
2022-Dec-22 21:56:25.895025,INQUIRY61,912810TL2,DONE,,SELL,100,4000000
2022-Dec-22 21:56:25.895123,INQUIRY62,912810TL2,DONE,,BUY,100,3000000
2022-Dec-22 21:56:25.895224,INQUIRY63,912810TL2,DONE,,SELL,100,2000000
2022-Dec-22 21:56:25.895321,INQUIRY64,912810TL2,DONE,,BUY,100,1000000
2022-Dec-22 21:56:25.895418,INQUIRY65,912810TL2,DONE,,SELL,100,2000000
2022-Dec-22 21:56:25.895515,INQUIRY66,912810TL2,DONE,,BUY,100,3000000
2022-Dec-22 21:56:25.895704,INQUIRY67,912810TL2,DONE,,SELL,100,4000000
2022-Dec-22 21:56:25.895853,INQUIRY68,912810TL2,DONE,,BUY,100,5000000
2022-Dec-22 21:56:25.896010,INQUIRY69,912810TL2,DONE,,SELL,100,4000000
2022-Dec-22 21:56:25.896128,INQUIRY69,912810TL2,DONE,,SELL,100,4000000
